<?xml version="1.0" encoding="UTF-8"?><collection xmlns="http://www.loc.gov/MARC21/slim"><record><leader>00404nam--2200109-i-4500</leader><controlfield tag="001">000035686</controlfield><controlfield tag="002">20161230</controlfield><controlfield tag="005">20161230201040</controlfield><controlfield tag="008">060222s1000------------r-----000-0-eng-d</controlfield><datafield ind1=" " ind2=" " tag="245"><subfield code="a">Organic photochemistry. plenary lectures presented at the international symposiium on organic photochemistry, held in strasbourg, france, 20-24 july, 1964</subfield></datafield><datafield ind1=" " ind2=" " tag="260"><subfield code="a">London, Butterworths, 1965, Vii + /-461-621/P</subfield></datafield><datafield ind1=" " ind2=" " tag="852"><subfield code="a">21886</subfield></datafield></record></collection>